<record><leader>00000cas a22000007a 4500</leader><controlfield tag="001">22123499</controlfield><controlfield tag="008">900723d1971197upr  x ne      0    0spa d</controlfield><datafield ind1=" " ind2=" " tag="010"><subfield code="a">sn 90070194 </subfield></datafield><datafield ind1=" " ind2=" " tag="040"><subfield code="a">PNN</subfield><subfield code="b">eng</subfield><subfield code="c">PNN</subfield><subfield code="d">OCLCQ</subfield></datafield><datafield ind1=" " ind2=" " tag="042"><subfield code="a">msc</subfield></datafield><datafield ind1="0" ind2="0" tag="245"><subfield code="a">Vinum acre.</subfield></datafield><datafield ind1=" " ind2=" " tag="260"><subfield code="a">Santurce, P.R. :</subfield><subfield code="b">Vinum Acre</subfield></datafield><datafield ind1=" " ind2=" " tag="300"><subfield code="a">v.</subfield></datafield><datafield ind1=" " ind2=" " tag="310"><subfield code="a">Irregular</subfield></datafield><datafield ind1="0" ind2=" " tag="362"><subfield code="a">Vol. 1, nu&#769;m. 1 (1971)-</subfield></datafield><datafield ind1=" " ind2=" " tag="500"><subfield code="a">"Gaceta panfletaria no comprometida, de publicacio&#769;n ocasional."</subfield></datafield><datafield ind1=" " ind2=" " tag="752"><subfield code="a">United States</subfield><subfield code="b">Puerto Rico</subfield><subfield code="d">Santurce.</subfield></datafield></record>